@book{apertureProblem,
editor="Binder, Marc D.
and Hirokawa, Nobutaka
and Windhorst, Uwe",
title="Aperture Problem",
bookTitle="Encyclopedia of Neuroscience",
year="2009",
publisher="Springer Berlin Heidelberg",
address="Berlin, Heidelberg",
pages="159--159",
isbn="978-3-540-29678-2",
doi="10.1007/978-3-540-29678-2_310",
url="http://dx.doi.org/10.1007/978-3-540-29678-2_310"
}

@book{sutton2009image,
  title={Image Correlation for Shape, Motion and Deformation Measurements: Basic Concepts,Theory and Applications},
  author={Sutton, M.A. and Orteu, J.J. and Schreier, H.},
  isbn={9780387787473},
  lccn={2008938227},
  url={https://books.google.co.za/books?id=AlkqMxpQMLsC},
  year={2009},
  publisher={Springer US}
}

@book{lucasUnifying,
  title={Lucas-Kanade 20 Years on: A Unifying Framework},
  author={Baker, S. and Matthews, I.},
  number={pt. 1},
  series={Technical report},
  url={https://books.google.co.za/books?id=WxqEQgAACAAJ},
  year={2002},
  publisher={Carnegie Mellon University, The Robotics Institute}
}

@book{emerging,
  booktitle={Emerging topics in computer vision},
  author={Zhang, Zhengyou},
  title={Camera Calibration},
  editor={Medioni, Gerard and Kang, Sing Bing},
  year={2004},
  publisher={Prentice Hall PTR},
  pages={5-43},
  chapter={2}
}

@article{luong1997self,
  title={Self-calibration of a moving camera from point correspondences and fundamental matrices},
  author={Luong, Q-T and Faugeras, Olivier D},
  journal={International Journal of computer vision},
  volume={22},
  number={3},
  pages={261--289},
  year={1997},
  publisher={Springer}
}

@article{grediac,
  title={Novel procedure for complete in-plane composite characterization using a single T-shaped specimen},
  author={Gr{\'e}diac, M and Pierron, F and Surrel, Y},
  journal={Experimental Mechanics},
  volume={39},
  number={2},
  pages={142--149},
  year={1999},
  publisher={Springer}
}

@article{conradiecharacterising,
  title={Characterising Damage in Structural Materials using Digital Image Correlation and Peridynamics},
  author={Conradie, JH and Turnerb, DZ and Beckerc, TH}
}

@article{farneback2003two,
  title={Two-frame motion estimation based on polynomial expansion},
  author={Farneb{\"a}ck, Gunnar},
  journal={Image analysis},
  pages={363--370},
  year={2003},
  publisher={Springer}
}

@article{uras1988computational,
  title={A computational approach to motion perception},
  author={Uras, Sergio and Girosi, Federico and Verri, Alessandro and Torre, Vincent},
  journal={Biological Cybernetics},
  volume={60},
  number={2},
  pages={79--87},
  year={1988},
  publisher={Springer}
}

@article{lucas1981iterative,
  title={An iterative image registration technique with an application to stereo vision},
  author={Lucas, Bruce D and Kanade, Takeo and others},
  year={1981},
  publisher={Vancouver, BC, Canada}
}

@article{tsai1987versatile,
  title={A versatile camera calibration technique for high-accuracy 3D machine vision metrology using off-the-shelf TV cameras and lenses},
  author={Tsai, Roger},
  journal={IEEE Journal on Robotics and Automation},
  volume={3},
  number={4},
  pages={323--344},
  year={1987},
  publisher={IEEE}
}

@article{wei1994implicit,
  title={Implicit and explicit camera calibration: Theory and experiments},
  author={Wei, Guo-Qing and De Ma, Song},
  journal={IEEE Transactions on Pattern Analysis and Machine Intelligence},
  volume={16},
  number={5},
  pages={469--480},
  year={1994},
  publisher={IEEE}
}

@article{zhangtut,
  title={Zhangâ€™s Camera Calibration Algorithm: In-Depth Tutorial and Implementation},
  author={Burger, Wilhelm},
  journal={month},
  year={2016}
}

@article{panfast,
  title={Fast, robust and accurate digital image correlation calculation without redundant computations},
  author={Pan, B and Li, K and Tong, W},
  journal={Experimental Mechanics},
  volume={53},
  number={7},
  pages={1277--1289},
  year={2013},
  publisher={Springer}
}